@article{article,
author = {Moon, Seongmin},
year = {2013},
month = {05},
pages = {},
title = {Predicting the Performance of Forecasting Strategies for Naval Spare Parts Demand: A Machine Learning Approach},
volume = {19},
booktitle = {Management Science and Financial Engineering}
}